% Bibliografia
%------------------------------------Inicio-------------------------------------------------------------

%%
%% WinShell 3.3.2.4
%% http://www.winshell.org/
%%

% Strings


% Preamble

% BibTeX Entries

@article{morales2019sistema,
  title={Sistema de administraci{\'o}n m{\'e}dica e informaci{\'o}n hospitalaria con expediente cl{\'i}nico electr{\'o}nico, una experiencia en la Ciudad de M{\'e}xico},
  author={Morales-Vel{\'a}zquez, JG},
  journal={Bolet{\'i}n CONAMED},
  volume={5},
  pages={92--97},
  year={2019}
}

@article{ayaad2019role,
  title={The role of electronic medical records in improving the quality of health care services: Comparative study},
  author={Ayaad, O and Alloubani, A and ALhajaa, EA and Farhan, M and Abuseif, S and Al Hroub, A and Akhu-Zaheya, L},
  journal={International journal of medical informatics},
  volume={127},
  pages={63--67},
  year={2019}
}

@article{delrosario2021procesamiento,
  title={Procesamiento anal{\'\i}tico y visualizaci{\'o}n de datos epidemiol{\'o}gicos de Enfermedades Transmitidas por Vector en Veracruz},
  author={del Rosario Suazo-Garc{\'\i}a, Maria and Lagunes Barrada, Verónica and Garc{\'\i}a González, Ismael Antonio and Parra Bravo, Victor Manuel},
  year={2021}
}

@book{cooksey2020descriptive,
  title={Descriptive statistics for summarizing data. Illustrating statistical procedures: Finding meaning in quantitative data},
  author={Cooksey, RW},
  year={2020},
  pages={61--139}
}

@article{mojica2020tableros,
  title={Tableros de impacto de los datos de Coronavirus Covid-19 en Am{\'e}rica Latina y el mundo utilizando Power BI como herramienta de visualizaci{\'o}n},
  author={Manuel Antonio Mojica Baltodano},
  journal={REICE: Revista Electr{\'o}nica de Investigaci{\'o}n En Ciencias Econ{\'o}micas},
  volume={8},
  pages={88--103},
  year={2020}
}

@article{fan2023accessibility,
  title={The Accessibility of Data Visualizations on the Web for Screen Reader Users: Practices and Experiences During COVID-19},
  author={Fan, D and Kim, GSH and Vazquez, X and Follmer, S and Fay Siu, A and Rao, H and O'modhrain, S and Greco, L},
  journal={ACM Transactions on Accessible Computing},
  volume={16},
  number={1},
  year={2023},
  doi={10.1145/3557899}
}

@book{grant2018data,
  title={Data visualization: charts, maps, and interactive graphics},
  author={Grant, R},
  year={2018},
  edition={First},
  publisher={CRC Press}
}

@book{hinderman2016building,
  title={Building responsive data visualization for the Web},
  author={Hinderman, B},
  year={2016},
  publisher={Wiley}
}

@article{gomez2023analisis,
  title={An{\'a}lisis y visualizaci{\'o}n de datos de infecci{\'o}n por SARS-CoV-2 de la poblaci{\'o}n atendida en los establecimientos de salud de Atenci{\'o}n Primaria de la Corporaci{\'o}n Municipal de Vi{\~n}a del Mar, durante los a{\~n}os 2021-2022},
  author={G{\'o}mez Saavedra, V and Morales Canelo, G and Ves Gonz{\'a}lez, M and Hern{\'a}ndez Espinoza, J},
  journal={ARS Medica},
  volume={48},
  number={3},
  year={2023},
  doi={10.11565/arsmed.v48i3.1965}
}


@book{gagliardi2021decoupled,
  title={Decoupled Django: understand and build decoupled Django architectures for Javascript front-ends},
  author={Gagliardi, V},
  year={2021},
  edition={1st},
  publisher={Apress}
}

@book{kimball2002data,
  title={The data warehouse toolkit: The complete guide to dimensional modeling},
  author={Kimball, R and Ross, M},
  year={2002},
  edition={2nd},
  publisher={John Wiley \& Sons}
}

@inproceedings{schneider2012analysis,
  title={Analysis patterns in dimensional data modeling},
  author={Schneider, S and Frosch-Wilke, D},
  booktitle={LNCS},
  volume={6411},
  pages={17--30},
  year={2012},
  doi={10.1007/978-3-642-27872-3_17}
}

@book{kirk2016data,
  title={Data Visualization: Representing Information on Modern Web},
  author={Kirk, A},
  year={2016},
  publisher={Packt Publishing}
}

@book{wexler2017big,
  title={The Big Book of Dashboards: Visualizing Your Data Using Real-World Business Scenarios},
  author={Wexler, Steve and Shaffer, Jeffrey and Cotgreave, Andy},
  year={2017},
  publisher={Wiley}
}


@misc{django,
  title={Django documentation},
  author={{Django Project}},
  note={https://docs.djangoproject.com/en/5.0/}
}


@book{baker2022secure,
  title={Secure Web Application Development: A Hands-On Guide with Python and Django},
  author={Baker, M},
  year={2022},
  edition={1st},
  publisher={Apress}
}

@book{clark2017beginning,
  title={Beginning power BI: a practical guide to self-service data analytics with Excel 2016 and Power BI desktop},
  author={Clark, D},
  year={2017},
  edition={Second},
  publisher={Apress}
}

@book{costello2020prepare,
  title={Prepare your data for tableau: a practical guide to the tableau data prep tool},
  author={Costello, T and Blackshear, L},
  year={2020},
  edition={1st},
  publisher={Apress}
}

@book{wieruch2018road,
  title={The Road to learn React: Your journey to master plain yet pragmatic React},
  author={Wieruch, R},
  year={2018}
}

@article{garcia2018analisis,
  title={Análisis comparativo de algunos frameworks para la construcción de aplicaciones web},
  author={García García, JC and Márquez Flores, GA},
  year={2018}
}

@book{mccollam2022getting,
  title={Getting Started with Grafana: Real-Time Dashboards for IT and Business Operations},
  author={McCollam, R},
  year={2022},
  edition={1st},
  publisher={Apress}
}

@book{kemp2021google,
  title={Google Data Studio for Beginners: Start Making Your Data Actionable},
  author={Kemp, G and White, G},
  year={2021},
  edition={1st},
  publisher={Apress}
}

@article{robb2022domo,
  title={Domo vs. Tableau: 2022 Software Comparison},
  author={Robb, D},
  journal={EWeek},
  year={2022}
}



@bachelorsthesis{sql_thesis1,
  author       = {Alcala Castañeda, Margarita},
  title        = {Estudio sobre el lenguaje estructurado de consulta SQL, y bases de datos relacionales
},
  school       = {Universidad Nacional Autónoma de México, 	Facultad de Ciencias
},
  year         = {1991},
  howpublished      = {\url{https://repositorio.unam.mx/contenidos/246207}},
}

@bachelorsthesis{sql_thesis2,
  author       = {Jimenez Mejia, Cesar},
  title        = {Lenguaje SQL aplicado a base de datos relacionales

},
  school       = {Universidad Nacional Autónoma de México,  Escuela Nacional de Estudios Profesionales Aragon
},
  year         = {1994},
  howpublished      = {\url{http://132.248.9.195/pmig2016/0207115/0207115.pdf}},
}

@misc{gluo_mx,
  author = {Gluo},
  title = {Backend: ¿Qué es y para qué sirve?},
  howpublished = {\url{https://www.gluo.mx/en-US/blog/backend-que-es-y-para-que-sirve}},
  year = {2023},
}

@misc{aws_frontend_backend,
  author       = {{Amazon Web Services}},
  title        = {The Difference Between Frontend and Backend},
  howpublished = {\url{https://aws.amazon.com/compare/the-difference-between-frontend-and-backend/#:~:text=The%20frontend%20is%20what%20your,application%20data%20for%20your%20users.}},
}

@misc{chartjs_docs,
  author       = {{Chart.js}},
  title        = {Chart.js Documentation},
  howpublished = {\url{https://www.chartjs.org/docs/latest/}},
}

@misc{d3js_what_is_d3,
  author       = {{D3.js}},
  title        = {What is D3?},
  howpublished = {\url{https://d3js.org/what-is-d3}},
}

@misc{highcharts,
  author       = {{Highcharts}},
  title        = {Highcharts},
  howpublished = {\url{https://www.highcharts.com/}},
}

@misc{amcharts_about,
  author       = {{amCharts}},
  title        = {JavaScript Charts by amCharts},
  howpublished = {\url{https://www.amcharts.com/javascript-charts/}},
}

@misc{usemotion_dashboard_software,
  author       = {{Usemotion}},
  title        = {What Is Dashboard Software?},
  howpublished = {\url{https://www.usemotion.com/blog/dashboard-software#what-is-dashboard-software}},
  year         = {2023},
}

@misc{datapine_dashboard_software_features,
  author       = {{datapine}},
  title        = {Best Dashboard Software Features},
  howpublished = {\url{https://www.datapine.com/articles/best-dashboard-software-features}}
}

@incollection{kerzner2015dashboard,
  title={Dashboard Rules for Displaying Data},
  author={Kerzner, Harold},
  booktitle={Project Management 2.0 - Leveraging Tools, Distributed Collaboration, and Metrics for Project Success},
  publisher={John Wiley \& Sons},
  year={2015}
}



@misc{dashboardfox_key_features,
  author       = {{DashboardFox}},
  title        = {Key Features and Elements of a Dashboard},
  howpublished = {\url{https://dashboardfox.com/guides/business-dashboard-guide/key-features-and-elements-of-a-dashboard/}},
}

@misc{tableau_public_about,
  author       = {{Tableau Public}},
  title        = {About Tableau Public},
  howpublished = {\url{https://public.tableau.com/app/about}},
}

@misc{grafana_website,
  author       = {{Grafana}},
  title        = {Grafana},
  howpublished = {\url{https://grafana.com/grafana/}},
}

@misc{rockcontent_google_data_studio,
  author       = {{Rock Content}},
  title        = {How to Use Google Data Studio},
  howpublished = {\url{https://rockcontent.com/blog/how-to-use-google-data-studio/}},
}

@misc{ivision_power_bi_usage,
  author       = {{iVision}},
  title        = {What Is Power BI Used For?},
  howpublished = {\url{https://ivision.com/blog/what-is-power-bi-used-for/}},
  year         = {2022},
}

@misc{microsoft_power_bi_overview,
  author       = {{Microsoft}},
  title        = {Power BI Overview},
  howpublished = {\url{https://learn.microsoft.com/en-us/power-bi/fundamentals/power-bi-overview}},
  year         = {2024},
}

@misc{datacamp_tableau,
  author       = {{DataCamp}},
  title        = {All About Tableau},
  howpublished = {\url{https://www.datacamp.com/blog/all-about-tableau}},
  year         = {2019},
}

@misc{tableau_help_use_cases,
  author       = {{Tableau}},
  title        = {Tableau Blueprint: Use Cases},
  howpublished = {\url{https://help.tableau.com/current/blueprint/en-us/bp_use_cases.htm}}
}

@misc{tableau_help_multiple_connections,
  author       = {{Tableau}},
  title        = {Tableau Desktop: Multiple Connections},
  howpublished = {\url{https://help.tableau.com/current/pro/desktop/en-us/multiple_connections.htm}}
}

@misc{graphable_domo_analytics,
  author       = {{Graphable}},
  title        = {What Is Domo Analytics?},
  howpublished = {\url{https://www.graphable.ai/software/what-is-domo-analytics/}},
}


@misc{ibm_docs,
  author = {{IBM}},
  title = {Modelado dimensional},
  howpublished = {\url{https://www.ibm.com/docs/es/ida/9.1.2?topic=modeling-dimensional}},
}

@misc{thoughtspot_data_modeling,
  author = {{ThoughtSpot}},
  title = {Dimensional Data Modeling},
  howpublished = {\url{https://www.thoughtspot.com/data-trends/data-modeling/dimensional-data-modeling}},
  year = {Year},
}

@misc{geeksforgeeks_fact_dimension,
  author = {{GeeksforGeeks}},
  title = {Difference Between Fact Table and Dimension Table},
  howpublished = {\url{https://www.geeksforgeeks.org/difference-between-fact-table-and-dimension-table/}},
  year = {Year},
}

@misc{analyticsvidhya_fact_dimension,
  author = {{Analytics Vidhya}},
  title = {Difference Between Fact Table and Dimension Table},
  howpublished = {\url{https://www.analyticsvidhya.com/blog/2023/08/difference-between-fact-table-and-dimension-table/}},
  year = {2023},
}

@misc{datacamp_sql_usage,
  author = {{DataCamp}},
  title = {What Is SQL Used For?},
  howpublished = {\url{https://www.datacamp.com/blog/what-is-sql-used-for}},
  year = {2023},
}


@misc{postgresql_about,
  author = {{PostgreSQL}},
  title = {About PostgreSQL},
  howpublished = {\url{https://www.postgresql.org/about/}},
}


@misc{aws_rds_postgresql,
  author = {{Amazon Web Services}},
  title = {Amazon RDS for PostgreSQL},
  howpublished = {\url{https://aws.amazon.com/rds/postgresql/}},
  year = {Year},
}


@mastersthesis{joana_martini,
  author       = {Martini, Joana},
  title        = {Using Django and JavaScript to implement Model-Based Performance Testing as a Service with the MBPeT tool},
  school       = {Åbo Akademi University},
  year         = {2019}
}

@misc{intelegain_web_frameworks,
  author       = {{Intelegain Technologies}},
  title        = {What Are Web Frameworks and Why You Need Them},
  howpublished = {\url{https://intelegain-technologies.medium.com/what-are-web-frameworks-and-why-you-need-them-c4e8806bd0fb}},
  year         = {2019},
}



@misc{neo4j_rdbms_vs_graph,
  author = {{Neo4j}},
  title = {RDBMS vs Graph Data Modeling},
  howpublished = {\url{https://neo4j.com/blog/rdbms-vs-graph-data-modeling/}},
  year = {Year},
}

@misc{learnsql_postgresql_companies,
  author = {{LearnSQL}},
  title = {Companies That Use PostgreSQL in Business},
  howpublished = {\url{https://learnsql.com/blog/companies-that-use-postgresql-in-business/}},
  year = {Year},
}



@misc{codingwitharyan_django_intro,
  author = {CodingWithAryan},
  title = {Introduction to Django for Backend Development},
  howpublished = {\url{https://medium.com/@codingwitharyan/introduction-to-django-for-backend-development-2db67768ee62}},
  year = {Year},
}

@misc{core_ac_uk,
  author = {{CORE}},
  title = {Title},
  howpublished = {\url{https://core.ac.uk/download/pdf/80987502.pdf}},
  year = {Year},
}

@misc{usemotion_dashboard_software,
  author = {{Usemotion}},
  title = {What Is Dashboard Software?},
  howpublished = {\url{https://www.usemotion.com/blog/dashboard-software#what-is-dashboard-software}},
  year = {Year},
}

@misc{tableau_about,
  author = {{Tableau}},
  title = {About Tableau},
  howpublished = {\url{https://public.tableau.com/app/about}},
  year = {Year},
}

@misc{eginnovations_freeware_monitoring_tools,
  author = {{eG Innovations}},
  title = {Top Freeware and Open Source IT Monitoring Tools},
  howpublished = {\url{https://www.eginnovations.com/blog/top-freeware-and-open-source-it-monitoring-tools/}},
  year = {Year},
}

@misc{microsoft_power_bi_overview,
  author = {{Microsoft}},
  title = {Power BI Overview},
  howpublished = {\url{https://learn.microsoft.com/en-us/power-bi/fundamentals/power-bi-overview}},
  year = {Year},
}

@misc{ivision_power_bi_usage,
  author = {{iVision}},
  title = {What Is Power BI Used For?},
  howpublished = {\url{https://ivision.com/blog/what-is-power-bi-used-for/}},
  year = {Year},
}

@misc{datacamp_tableau,
  author = {{DataCamp}},
  title = {All About Tableau},
  howpublished = {\url{https://www.datacamp.com/blog/all-about-tableau}},
  year = {Year},
}

@misc{mode_reviews_tableau,
  author = {{Mode}},
  title = {Reviews of Tableau},
  howpublished = {\url{https://mode.com/blog/reviews-of-tableau}},
  year = {Year},
}

@misc{tableau_multiple_connections,
  author = {{Tableau}},
  title = {Multiple Connections},
  howpublished = {\url{https://help.tableau.com/current/pro/desktop/en-us/multiple_connections.htm}},
  year = {Year},
}

@misc{simonbrady85_domo_software,
  author = {SimonBrady85},
  title = {Soluciones Domo Software},
  howpublished = {\url{https://medium.com/@simonbrady85/soluciones-domo-software-85a5a718887d}},
  year = {Year},
}

@misc{graphable_domo_analytics,
  author = {{Graphable}},
  title = {What Is Domo Analytics?},
  howpublished = {\url{https://www.graphable.ai/software/what-is-domo-analytics/}},
}

@misc{graphable_domo_app,
  author = {{Graphable}},
  title = {Domo App},
  howpublished = {\url{https://www.graphable.ai/blog/domo-app}},
}




%------------------------------------Fin----------------------------------------------------------------